<record><leader>00000cas a2200000 a 4500</leader><controlfield tag="001">11586618</controlfield><controlfield tag="008">850116d18901893ksuwr ne      0   a0eng d</controlfield><datafield ind1=" " ind2=" " tag="010"><subfield code="a">sn 84030445 </subfield></datafield><datafield ind1=" " ind2=" " tag="040"><subfield code="a">KSH</subfield><subfield code="b">eng</subfield><subfield code="c">KSH</subfield><subfield code="d">NPT</subfield><subfield code="d">OCL</subfield><subfield code="d">OCLCQ</subfield></datafield><datafield ind1=" " ind2=" " tag="042"><subfield code="a">msc</subfield></datafield><datafield ind1="0" ind2="4" tag="245"><subfield code="a">The Burrton weekly graphic.</subfield></datafield><datafield ind1=" " ind2=" " tag="260"><subfield code="a">Burrton, Kan. :</subfield><subfield code="b">Osburn &amp; Kent,</subfield><subfield code="c">1890-</subfield></datafield><datafield ind1=" " ind2=" " tag="300"><subfield code="a">v. :</subfield><subfield code="b">ill. ;</subfield><subfield code="c">65 cm.</subfield></datafield><datafield ind1=" " ind2=" " tag="310"><subfield code="a">Weekly</subfield></datafield><datafield ind1="0" ind2=" " tag="362"><subfield code="a">Vol. 10, no. 10 (July 3, 1890)-</subfield></datafield><datafield ind1="1" ind2=" " tag="362"><subfield code="a">Ceased in Aug. 1893.</subfield></datafield><datafield ind1=" " ind2=" " tag="500"><subfield code="a">Published by: J.W. Osburn, Jan. 7, 1892- ; J.V. Mowder, &lt;Aug. 10, 1893&gt;.</subfield></datafield><datafield ind1=" " ind2=" " tag="752"><subfield code="a">United States</subfield><subfield code="b">Kansas</subfield><subfield code="c">Harvey</subfield><subfield code="d">Burrton.</subfield></datafield><datafield ind1="0" ind2="0" tag="780"><subfield code="t">Burrton graphic (Burrton, Kan. : 1886)</subfield><subfield code="w">(DLC)sn 82014456</subfield></datafield><datafield ind1="0" ind2="0" tag="785"><subfield code="t">Burrton graphic (Burrton, Kan. : 1893)</subfield><subfield code="w">(DLC)sn 84030444</subfield></datafield></record>